@article{bcmethodart,
author = {Ana Bove and Venanzio Capretta},
title = {Modelling general recursion in type theory},
journal = {Mathematical Structures in Computer Science},
volume = {15},
issue = {04},
month = {7},
year = {2005},
issn = {1469-8072},
pages = {671--708},
numpages = {38},
doi = {10.1017/S0960129505004822},
URL = {http://dx.doi.org/10.1017/S0960129505004822},
eprint = {http://journals.cambridge.org/article_S0960129505004822},
}

@article{programtactic,
  title={Subset coercions in Coq},
  author={Sozeau, M.},
  journal={Types for Proofs and Programs},
  pages={237--252},
  year={2007},
  publisher={Springer}
}

@article{prophecy,
  title={Computation by prophecy},
  author={Bove, A. and Capretta, V.},
  journal={Typed Lambda Calculi and Applications},
  pages={70--83},
  year={2007},
  publisher={Springer}
}

@inproceedings{patternmatching,
  title={Compiling pattern matching},
  author={Augustsson, L.},
  booktitle={Functional Programming Languages and Computer Architecture},
  pages={368--381},
  year={1985},
  organization={Springer}
}

@article{inductionrecursion,
  title={A general formulation of simultaneous inductive-recursive definitions in type theory},
  author={Dybjer, P.},
  journal={Journal of Symbolic Logic},
  pages={525--549},
  year={2000},
  publisher={JSTOR}
}

@inproceedings{quickcheck,
  title={QuickCheck: a lightweight tool for random testing of Haskell programs},
  author={Claessen, K. and Hughes, J.},
  booktitle={Acm sigplan notices},
  volume={35},
  number={9},
  pages={268--279},
  year={2000},
  organization={ACM}
}